% This file was created with JabRef 2.7.2.
% Encoding: UTF8

@misc{indexglobal,
  title={Global Mobile Data Traffic Forecast Update, 2016--2021 White Paper, accessed on May 2, 2017},
  author={Index, Cisco Visual Networking}
}
% note={\url{https://www.cisco.com/c/en/us/solutions/collateral/service-provider/visual-networking-index-vni/mobile-white-paper-c11-520862.html}}

@Article{li2018stability,
  shortKey  = {LPK18},
  author    = {Yingchuan Li  and  Xiaoqing Pan  and  Michelle L Roberts  and  Pengyuan Liu and  Theodore A. Kotchen  and  Allen W. Cowley Jr.  and  David L.  Mattson  and   Yong Liu  and  Mingyu Liang  and  Srividya Kidambi},
  title     = {Stability of global methylation profiles of whole blood and extracted {DNA} under different storage durations and conditions},
  journal   = {Epigenomics},
  year      = {2018},
  volume    = {10},
  number    = {6},
  pages     = {797--811},
}


@Article{frommer1992bisulfite,
  author    = {M. Frommer  and  L. E. McDonald  and  D. S. Millar  and  C. M. Collis  and  F. Watt  and  G. W. Grigg  and  P. L. Molloy  and  C. L. Paul},
  title     = {A genomic sequencing protocol that yields a positive display of 5-methylcytosine residues in individual {DNA} strands},
  journal   = {Proc Natl Acad Sci U S A.},
  year      = {1992},
  volume    = {89},
  number    = {5},
  pages     = {1827--1831},
}


@article{luger1997crystal,
  title={Crystal structure of the nucleosome core particle at 2.8Å resolution},
  author={Luger, Karolin and M{\"a}der, Armin W and Richmond, Robin K and Sargent, David F and Richmond, Timothy J},
  journal={Nature},
  volume={389},
  number={6648},
  pages={251--260},
  year={1997},
  publisher={Nature Publishing Group}
}

@article{peterson2004histones,
  title={Histones and histone modifications},
  author={Peterson, Craig L and Laniel, Marc-Andr{\'e}},
  journal={Current Biology},
  volume={14},
  number={14},
  pages={R546--R551},
  year={2004},
  publisher={Elsevier}
}

@article{kundaje2015integrative,
  title={Integrative analysis of 111 reference human epigenomes},
  author={Kundaje, Anshul and Meuleman, Wouter and Ernst, Jason and Bilenky, Misha and Yen, Angela and Heravi-Moussavi, Alireza and Kheradpour, Pouya and Zhang, Zhizhuo and Wang, Jianrong and Ziller, Michael J and others},
  journal={Nature},
  volume={518},
  number={7539},
  pages={317--330},
  year={2015},
  publisher={Nature Publishing Group}
}

@article{allfrey1964acetylation,
  title={Acetylation and methylation of histones and their possible role in the regulation of {RNA} synthesis},
  author={Allfrey, Vincent G and Faulkner, R and Mirsky, AE},
  journal={Proceedings of the National Academy of Sciences of the United States of America},
  volume={51},
  number={5},
  pages={786},
  year={1964},
  publisher={National Academy of Sciences}
}

@article{nakato2020methods,
  title={Methods for {ChIP-seq} analysis: A practical workflow and advanced applications},
  author={Nakato, Ryuichiro and Sakata, Toyonori},
  journal={Methods},
  year={2020},
  publisher={Elsevier}
}

@incollection{massie2012mapping,
  title={{Mapping protein--DNA interactions using ChIP-sequencing}},
  author={Massie, Charles E and Mills, Ian G},
  booktitle={Transcriptional Regulation},
  pages={157--173},
  year={2012},
  publisher={Springer}
}

@article{gilfillan2012limitations,
  title={Limitations and possibilities of low cell number {ChIP}-seq},
  author={Gilfillan, Gregor D and Hughes, Timothy and Sheng, Ying and Hjorthaug, Hanne S and Straub, Tobias and Gervin, Kristina and Harris, Jennifer R and Undlien, Dag E and Lyle, Robert},
  journal={BMC genomics},
  volume={13},
  number={1},
  pages={1--13},
  year={2012},
  publisher={BioMed Central}
}

@article{davis2018encyclopedia,
  title={The Encyclopedia of DNA elements ({ENCODE}): data portal update},
  author={Davis, Carrie A and Hitz, Benjamin C and Sloan, Cricket A and Chan, Esther T and Davidson, Jean M and Gabdank, Idan and Hilton, Jason A and Jain, Kriti and Baymuradov, Ulugbek K and Narayanan, Aditi K and others},
  journal={Nucleic acids research},
  volume={46},
  number={D1},
  pages={D794--D801},
  year={2018},
  publisher={Oxford University Press}
}

@article{alipanahi2015predicting,
  title={{Predicting the sequence specificities of DNA-and RNA-binding proteins by deep learning}},
  author={Alipanahi, Babak and Delong, Andrew and Weirauch, Matthew T and Frey, Brendan J},
  journal={Nature biotechnology},
  volume={33},
  number={8},
  pages={831--838},
  year={2015},
  publisher={Nature Publishing Group}
}

@article{quang2016danq,
  title={{DanQ: a hybrid convolutional and recurrent deep neural network for quantifying the function of DNA sequences}},
  author={Quang, Daniel and Xie, Xiaohui},
  journal={Nucleic acids research},
  volume={44},
  number={11},
  pages={e107--e107},
  year={2016},
  publisher={Oxford University Press}
}

@inproceedings{min2016deepenhancer,
  title={{DeepEnhancer}: Predicting enhancers by convolutional neural networks},
  author={Min, Xu and Chen, Ning and Chen, Ting and Jiang, Rui},
  booktitle={2016 IEEE International Conference on Bioinformatics and Biomedicine (BIBM)},
  pages={637--644},
  year={2016},
  organization={IEEE}
}

@article{yin2019deephistone,
  title={{DeepHistone}: a deep learning approach to predicting histone modifications},
  author={Yin, Qijin and Wu, Mengmeng and Liu, Qiao and Lv, Hairong and Jiang, Rui},
  journal={BMC genomics},
  volume={20},
  number={2},
  pages={11--23},
  year={2019},
  publisher={BioMed Central}
}

@article{chen2021deepcape,
  title={{DeepCAPE}: a deep convolutional neural network for the accurate prediction of enhancers},
  author={Chen, Shengquan and Gan, Mingxin and Lv, Hairong and Jiang, Rui},
  journal={Genomics, Proteomics \& Bioinformatics},
  year={2021},
  publisher={Elsevier}
}

@article{fu2019predicting,
  title={Predicting {DNA} methylation states with hybrid information based deep-learning model},
  author={Fu, Laiyi and Peng, Qinke and Chai, Ling},
  journal={IEEE/ACM transactions on computational biology and bioinformatics},
  volume={17},
  number={5},
  pages={1721--1728},
  year={2019},
  publisher={IEEE}
}
  
@article{krueger2012dna,
  title={{DNA} methylome analysis using short bisulfite sequencing data},
  author={Krueger, Felix and Kreck, Benjamin and Franke, Andre and Andrews, Simon R},
  journal={Nature methods},
  volume={9},
  number={2},
  pages={145},
  year={2012},
  publisher={Nature Publishing Group}
}

@misc{ enwiki:1028802025,
    author = "{Wikipedia contributors}",
    title = "{DNA} methylation --- {Wikipedia}{,} The Free Encyclopedia",
    howpublished = "\url{https://en.wikipedia.org/w/index.php?title=DNA_methylation&oldid=1028802025}",
    note = "[Online; accessed 24-June-2021]"
}

@article{cedar2009linking,
  title={Linking {DNA} methylation and histone modification: patterns and paradigms},
  author={Cedar, Howard and Bergman, Yehudit},
  journal={Nature Reviews Genetics},
  volume={10},
  number={5},
  pages={295--304},
  year={2009},
  publisher={Nature Publishing Group}
}

@article{marks2001histone,
  title={Histone deacetylases and cancer: causes and therapies},
  author={Marks, Paul A and Rifkind, Richard A and Richon, Victoria M and Breslow, Ronald and Miller, Thomas and Kelly, William K},
  journal={Nature Reviews Cancer},
  volume={1},
  number={3},
  pages={194--202},
  year={2001},
  publisher={Nature Publishing Group}
}

@article{zhou2015predicting,
  title={Predicting effects of noncoding variants with deep learning--based sequence model},
  author={Zhou, Jian and Troyanskaya, Olga G},
  journal={Nature methods},
  volume={12},
  number={10},
  pages={931--934},
  year={2015},
  publisher={Nature Publishing Group}
}

@article{baisya2020prediction,
  title={Prediction of Histone Post-Translational Modifications Using Deep Learning},
  author={Baisya, Dipankar Ranjan and Lonardi, Stefano},
  journal={Bioinformatics},
  year={2020}
}

@article{lanchantin2020graph,
  title={Graph convolutional networks for epigenetic state prediction using both sequence and {3D} genome data},
  author={Lanchantin, Jack and Qi, Yanjun},
  journal={Bioinformatics},
  volume={36},
  number={Supplement\_2},
  pages={i659--i667},
  year={2020},
  publisher={Oxford University Press}
}

@article{yan2016genome,
  title={Genome-wide epigenetic studies in human disease: a primer on -omic technologies},
  author={Yan, Huihuang and Tian, Shulan and Slager, Susan L and Sun, Zhifu and Ordog, Tamas},
  journal={American journal of epidemiology},
  volume={183},
  number={2},
  pages={96--109},
  year={2016},
  publisher={Oxford University Press}
}

@article{zhang2018enhancing,
  title={{Enhancing Hi-C data resolution with deep convolutional neural network HiCPlus}},
  author={Zhang, Yan and An, Lin and Xu, Jie and Zhang, Bo and Zheng, W Jim and Hu, Ming and Tang, Jijun and Yue, Feng},
  journal={Nature communications},
  volume={9},
  number={1},
  pages={1--9},
  year={2018},
  publisher={Nature Publishing Group}
}

@article{crawshaw2020multi,
  title={Multi-Task Learning with Deep Neural Networks: A Survey},
  author={Crawshaw, Michael},
  journal={arXiv preprint arXiv:2009.09796},
  year={2020}
}

@inproceedings{szegedy2015going,
  title={Going deeper with convolutions},
  author={Szegedy, Christian and Liu, Wei and Jia, Yangqing and Sermanet, Pierre and Reed, Scott and Anguelov, Dragomir and Erhan, Dumitru and Vanhoucke, Vincent and Rabinovich, Andrew},
  booktitle={Proceedings of the IEEE conference on computer vision and pattern recognition},
  pages={1--9},
  year={2015}
}

@article{tan2019mixconv,
  title={{Mixconv}: Mixed depthwise convolutional kernels},
  author={Tan, Mingxing and Le, Quoc V},
  journal={arXiv preprint arXiv:1907.09595},
  year={2019}
}

@article{zhang2018lenup,
  title={{LeNup}: learning nucleosome positioning from {DNA} sequences with improved convolutional neural networks},
  author={Zhang, Juhua and Peng, Wenbo and Wang, Lei},
  journal={Bioinformatics},
  volume={34},
  number={10},
  pages={1705--1712},
  year={2018},
  publisher={Oxford University Press}
}

@article{alzubaidi2021review,
  title={Review of deep learning: Concepts, {CNN} architectures, challenges, applications, future directions},
  author={Alzubaidi, Laith and Zhang, Jinglan and Humaidi, Amjad J and Al-Dujaili, Ayad and Duan, Ye and Al-Shamma, Omran and Santamar{\'\i}a, J and Fadhel, Mohammed A and Al-Amidie, Muthana and Farhan, Laith},
  journal={Journal of big Data},
  volume={8},
  number={1},
  pages={1--74},
  year={2021},
  publisher={Springer}
}

@article{lin2013network,
  title={Network in network},
  author={Lin, Min and Chen, Qiang and Yan, Shuicheng},
  journal={arXiv preprint arXiv:1312.4400},
  year={2013}
}

@article{buda2018systematic,
  title={A systematic study of the class imbalance problem in convolutional neural networks},
  author={Buda, Mateusz and Maki, Atsuto and Mazurowski, Maciej A},
  journal={Neural Networks},
  volume={106},
  pages={249--259},
  year={2018},
  publisher={Elsevier}
}

@article{peng2021addressing,
  title={Addressing the multi-label imbalance for neural networks: An approach based on stratified mini-batches},
  author={Peng, Dunlu and Gu, Tianfei and Hu, Xue and Liu, Cong},
  journal={Neurocomputing},
  volume={435},
  pages={91--102},
  year={2021},
  publisher={Elsevier}
}

@article{paszke2017automatic,
  title={Automatic differentiation in pytorch},
  author={Paszke, Adam and Gross, Sam and Chintala, Soumith and Chanan, Gregory and Yang, Edward and DeVito, Zachary and Lin, Zeming and Desmaison, Alban and Antiga, Luca and Lerer, Adam},
  journal= {\texttt{openreview.net}},
  year={2017}
}

@misc{wandb,
title = {Experiment Tracking with Weights and Biases},
year = {2020},
note = {Software available from wandb.com},
url={https://www.wandb.com/},
author = {Biewald, Lukas},
}

@article{saito2015precision,
  title={The precision-recall plot is more informative than the {ROC} plot when evaluating binary classifiers on imbalanced datasets},
  author={Saito, Takaya and Rehmsmeier, Marc},
  journal={PLoS one},
  volume={10},
  number={3},
  pages={e0118432},
  year={2015},
  publisher={Public Library of Science}
}

@misc{rocprc,
    author = {Pei, Chen Tsu},
    title = {{深入介紹及比較ROC曲線及PR曲線}},
    howpublished = "\url{https://medium.com/nlp-tsupei/roc-pr-%E6%9B%B2%E7%B7%9A-f3faa2231b8c}",
    note = "[Online; accessed 20-June-2021]"
}